[gd_scene load_steps=16 format=2]

[ext_resource path="res://KinematicBody2D.gd" type="Script" id=1]
[ext_resource path="res://Sprites/D'Arion/Colored/DarianColorRun_0030.png" type="Texture" id=2]
[ext_resource path="res://Sprites/Charles/Colored/CharlesColorRun_0004.png" type="Texture" id=3]
[ext_resource path="res://Sprites/D'Arion/Colored/DarianColorRun_0019.png" type="Texture" id=4]
[ext_resource path="res://Sprites/Charles/Colored/CharlesColorRun_0002.png" type="Texture" id=5]
[ext_resource path="res://Sprites/Charles/Colored/CharlesColorRun_0006.png" type="Texture" id=6]
[ext_resource path="res://Sprites/Charles/Colored/CharlesColorRun_0000.png" type="Texture" id=7]
[ext_resource path="res://Sprites/D'Arion/Colored/DarianColorRun_0000.png" type="Texture" id=8]
[ext_resource path="res://Sprites/D'Arion/Colored/DarianColorRun_0011.png" type="Texture" id=9]
[ext_resource path="res://Sprites/D'Arion/Colored/DarianColorRun_0018.png" type="Texture" id=10]
[ext_resource path="res://Images/Background/Skyline.png" type="Texture" id=11]
[ext_resource path="res://Scenes/Health.gd" type="Script" id=12]

[sub_resource type="SpriteFrames" id=1]
animations = [ {
"frames": [ ExtResource( 9 ), ExtResource( 8 ), ExtResource( 4 ), ExtResource( 10 ) ],
"loop": true,
"name": "D'Arion_Run",
"speed": 7.0
}, {
"frames": [ ExtResource( 6 ) ],
"loop": true,
"name": "Charles_Jump",
"speed": 5.0
}, {
"frames": [ ExtResource( 2 ) ],
"loop": true,
"name": "D'Arion_Jump",
"speed": 5.0
}, {
"frames": [ ExtResource( 4 ) ],
"loop": true,
"name": "D'Arion_Fall",
"speed": 5.0
}, {
"frames": [ ExtResource( 5 ) ],
"loop": true,
"name": "Charles_Fall",
"speed": 5.0
}, {
"frames": [ ExtResource( 8 ) ],
"loop": true,
"name": "D'Arion_Idle",
"speed": 5.0
}, {
"frames": [ ExtResource( 7 ) ],
"loop": true,
"name": "Charles_Idle",
"speed": 5.0
}, {
"frames": [ ExtResource( 5 ), ExtResource( 3 ), ExtResource( 6 ), ExtResource( 7 ) ],
"loop": true,
"name": "Charles_Run",
"speed": 10.0
} ]

[sub_resource type="CapsuleShape2D" id=2]
radius = 14.0
height = 28.0

[sub_resource type="RectangleShape2D" id=3]
extents = Vector2( 15.0778, 2.76405 )

[node name="Player" type="KinematicBody2D"]
position = Vector2( -0.0245209, 0.0418358 )
collision_layer = 33
collision_mask = 3
script = ExtResource( 1 )
__meta__ = {
"_edit_group_": true
}

[node name="Sprite" type="AnimatedSprite" parent="."]
scale = Vector2( 0.0317376, 0.0317375 )
frames = SubResource( 1 )
animation = "D'Arion_Idle"

[node name="CollisionShape2D" type="CollisionShape2D" parent="."]
shape = SubResource( 2 )

[node name="Camera2D" type="Camera2D" parent="."]
offset = Vector2( 50, -50 )
current = true

[node name="ParallaxBackground" type="ParallaxBackground" parent="."]

[node name="ParallaxLayer" type="ParallaxLayer" parent="ParallaxBackground"]
motion_scale = Vector2( 0.1, 0.1 )
motion_mirroring = Vector2( 600, 600 )

[node name="Sky" type="Sprite" parent="ParallaxBackground/ParallaxLayer"]
position = Vector2( 0, -250 )
scale = Vector2( 0.2, 0.2 )
texture = ExtResource( 11 )
centered = false

[node name="FallThroughAssistant" type="Area2D" parent="."]
collision_layer = 3
collision_mask = 3

[node name="CollisionShape2D" type="CollisionShape2D" parent="FallThroughAssistant"]
position = Vector2( 0, 20.544 )
shape = SubResource( 3 )

[node name="Health" type="Node" parent="."]
script = ExtResource( 12 )
[connection signal="body_entered" from="FallThroughAssistant" to="." method="_on_FallThroughAssistant_body_entered"]
[connection signal="body_exited" from="FallThroughAssistant" to="." method="_on_FallThroughAssistant_body_exited"]
